<record><leader>00000cas a22000007a 4500</leader><controlfield tag="001">17791486</controlfield><controlfield tag="008">880414d19151924ohudn ne      0    0eng d</controlfield><datafield ind1=" " ind2=" " tag="010"><subfield code="a">sn 88086141 </subfield></datafield><datafield ind1=" " ind2=" " tag="040"><subfield code="a">NPV</subfield><subfield code="b">eng</subfield><subfield code="c">NPV</subfield><subfield code="d">ONP</subfield><subfield code="d">OCLCQ</subfield></datafield><datafield ind1=" " ind2=" " tag="042"><subfield code="a">msc</subfield></datafield><datafield ind1="0" ind2="4" tag="245"><subfield code="a">The Alliance review and leader.</subfield></datafield><datafield ind1=" " ind2=" " tag="260"><subfield code="a">Alliance, Ohio :</subfield><subfield code="b">Review Pub. Co.,</subfield><subfield code="c">1915-1924.</subfield></datafield><datafield ind1=" " ind2=" " tag="300"><subfield code="a">v.</subfield></datafield><datafield ind1=" " ind2=" " tag="310"><subfield code="a">Daily (except Sun.)</subfield></datafield><datafield ind1="0" ind2=" " tag="362"><subfield code="a">Vol. 27, no. 300 (Sept. 11, 1915)-v. 37,. no. 117 (Nov. 28, 1924).</subfield></datafield><datafield ind1=" " ind2=" " tag="752"><subfield code="a">United States</subfield><subfield code="b">Ohio</subfield><subfield code="c">Stark</subfield><subfield code="d">Alliance.</subfield></datafield><datafield ind1="0" ind2="0" tag="780"><subfield code="t">Alliance daily review and leader</subfield><subfield code="w">(DLC)sn 88078449</subfield></datafield><datafield ind1="0" ind2="0" tag="785"><subfield code="t">Alliance review (Alliance, Ohio : 1924)</subfield><subfield code="w">(DLC)sn 84028503</subfield></datafield></record>